@inproceedings{RE3,
  title={State entropy maximization with random encoders for efficient exploration},
  author={Seo, Younggyo and Chen, Lili and Shin, Jinwoo and Lee, Honglak and Abbeel, Pieter and Lee, Kimin},
  booktitle={International Conference on Machine Learning},
  pages={9443--9454},
  year={2021},
  organization={PMLR}
}
@article{DP,
  title={Dropout acts as auxiliary exploration},
  author={Sung, Tegg Taekyong and Kim, Daeyeol and Park, Soo Jun and Sohn, Chae-Bong},
  journal={International Journal of Applied Engineering Research},
  volume={13},
  number={10},
  pages={7977--7982},
  year={2018}
}
@inproceedings{ICM,
  title={Curiosity-driven exploration by self-supervised prediction},
  author={Pathak, Deepak and Agrawal, Pulkit and Efros, Alexei A and Darrell, Trevor},
  booktitle={International conference on machine learning},
  pages={2778--2787},
  year={2017},
  organization={PMLR}
}
@inproceedings{NoisyNet,
  title={Demis Hassabis, et al. 2018. Noisy networks for exploration},
  author={Fortunato, Meire and Azar, Mohammad Gheshlaghi and Piot, Bilal and Menick, Jacob and Hessel, Matteo and Osband, Ian and Graves, Alex and Mnih, Volodymyr and Munos, Remi},
  booktitle={International Conference on Learning Representations}
}
